<record><leader>00000cas a2200000 a 4500</leader><controlfield tag="001">45156251</controlfield><controlfield tag="008">001011c19319999nyuwr ne      0    0lit c</controlfield><datafield ind1=" " ind2=" " tag="010"><subfield code="a">sn 00058025 </subfield><subfield code="z">sn 00062055 </subfield></datafield><datafield ind1=" " ind2=" " tag="040"><subfield code="a">CVF</subfield><subfield code="b">eng</subfield><subfield code="c">CVF</subfield><subfield code="d">DLC</subfield><subfield code="d">OCLCQ</subfield><subfield code="d">OCLCF</subfield><subfield code="d">OCLCO</subfield></datafield><datafield ind1="1" ind2=" " tag="029"><subfield code="a">AU@</subfield><subfield code="b">000022106363</subfield></datafield><datafield ind1=" " ind2=" " tag="042"><subfield code="a">pcc</subfield></datafield><datafield ind1=" " ind2=" " tag="043"><subfield code="a">n-us-ny</subfield></datafield><datafield ind1="0" ind2=" " tag="130"><subfield code="a">Naujoji Gadyne&#772; (Brooklyn, N.Y.)</subfield></datafield><datafield ind1="1" ind2="0" tag="245"><subfield code="a">Naujoji Gadyne&#772;.</subfield></datafield><datafield ind1="1" ind2=" " tag="246"><subfield code="i">Also published with parallel title:</subfield><subfield code="a">New era</subfield></datafield><datafield ind1=" " ind2=" " tag="260"><subfield code="a">Brooklyn, N.Y. :</subfield><subfield code="b">Naujoji Gadyne Cooperative Pub. Society</subfield></datafield><datafield ind1=" " ind2=" " tag="300"><subfield code="a">v.</subfield></datafield><datafield ind1=" " ind2=" " tag="310"><subfield code="a">Weekly</subfield></datafield><datafield ind1="1" ind2=" " tag="362"><subfield code="a">Began in 1931.</subfield></datafield><datafield ind1=" " ind2=" " tag="546"><subfield code="a">In Lithuanian.</subfield></datafield><datafield ind1=" " ind2=" " tag="588"><subfield code="a">Description based on: M. 1, no. 4 (gr. 10, 1931).</subfield></datafield><datafield ind1=" " ind2="0" tag="650"><subfield code="a">Lithuanians</subfield><subfield code="z">New York (State)</subfield><subfield code="v">Newspapers.</subfield></datafield><datafield ind1=" " ind2="0" tag="651"><subfield code="a">Brooklyn (New York, N.Y.)</subfield><subfield code="v">Newspapers.</subfield></datafield><datafield ind1=" " ind2="7" tag="655"><subfield code="a">Newspapers.</subfield><subfield code="2">fast</subfield><subfield code="0">(OCoLC)fst01423814</subfield></datafield><datafield ind1=" " ind2="7" tag="650"><subfield code="a">Lithuanians.</subfield><subfield code="2">fast</subfield><subfield code="0">(OCoLC)fst01000435</subfield></datafield><datafield ind1=" " ind2="7" tag="651"><subfield code="a">New York (State)</subfield><subfield code="2">fast</subfield><subfield code="0">(OCoLC)fst01210280</subfield></datafield><datafield ind1=" " ind2="7" tag="651"><subfield code="a">New York (State)</subfield><subfield code="z">New York</subfield><subfield code="z">Brooklyn.</subfield><subfield code="2">fast</subfield><subfield code="0">(OCoLC)fst01312516</subfield></datafield><datafield ind1=" " ind2=" " tag="752"><subfield code="a">United States</subfield><subfield code="b">New York</subfield><subfield code="d">New York.</subfield></datafield></record>